<record><leader>00000cas a22000007a 4500</leader><controlfield tag="001">28322318</controlfield><controlfield tag="008">930624d19231927okuwr ne      0    0eng d</controlfield><datafield ind1=" " ind2=" " tag="010"><subfield code="a">sn 93066061 </subfield></datafield><datafield ind1=" " ind2=" " tag="040"><subfield code="a">OBN</subfield><subfield code="b">eng</subfield><subfield code="c">OBN</subfield><subfield code="d">OCL</subfield><subfield code="d">OCLCQ</subfield></datafield><datafield ind1=" " ind2=" " tag="042"><subfield code="a">msc</subfield></datafield><datafield ind1="0" ind2=" " tag="130"><subfield code="a">Clinton chronicle (Clinton, Okla. : 1923)</subfield></datafield><datafield ind1="1" ind2="4" tag="245"><subfield code="a">The Clinton chronicle.</subfield></datafield><datafield ind1=" " ind2=" " tag="260"><subfield code="a">Clinton, Okla. :</subfield><subfield code="b">Clinton Chronicle Inc.</subfield></datafield><datafield ind1=" " ind2=" " tag="300"><subfield code="a">v.</subfield></datafield><datafield ind1=" " ind2=" " tag="310"><subfield code="a">Weekly</subfield></datafield><datafield ind1="0" ind2=" " tag="362"><subfield code="a">Vol. 22, no. 80 (May 17, 1923)-v. 28, no. 17 (Aug. 18, 1927).</subfield></datafield><datafield ind1=" " ind2="4" tag="651"><subfield code="a">Clinton (Okla.)</subfield><subfield code="v">Newspapers.</subfield></datafield><datafield ind1=" " ind2="4" tag="651"><subfield code="a">Custer County (Okla.)</subfield><subfield code="v">Newspapers.</subfield></datafield><datafield ind1=" " ind2=" " tag="752"><subfield code="a">United States</subfield><subfield code="b">Oklahoma</subfield><subfield code="c">Custer</subfield><subfield code="d">Clinton.</subfield></datafield><datafield ind1="0" ind2="0" tag="780"><subfield code="t">Clinton chronicle and the Clinton messenger</subfield><subfield code="w">(DLC)sn 93066060</subfield><subfield code="w">(OCoLC)28312863</subfield></datafield><datafield ind1="0" ind2="0" tag="785"><subfield code="t">Custer County chronicle (Clinton, Okla. : 1927)</subfield><subfield code="w">(DLC)sn 93066062</subfield><subfield code="w">(OCoLC)23822407</subfield></datafield><datafield ind1="1" ind2=" " tag="029"><subfield code="a">AU@</subfield><subfield code="b">000025884242</subfield></datafield></record>